<record><leader>00000cas a22000007a 4500</leader><controlfield tag="001">15114077</controlfield><controlfield tag="008">870126d190u1924inuwr ne      0    0eng d</controlfield><datafield ind1=" " ind2=" " tag="010"><subfield code="a">sn 87055136 </subfield></datafield><datafield ind1=" " ind2=" " tag="040"><subfield code="a">NPI</subfield><subfield code="b">eng</subfield><subfield code="c">NPI</subfield><subfield code="d">OCLCQ</subfield></datafield><datafield ind1=" " ind2=" " tag="042"><subfield code="a">msc</subfield></datafield><datafield ind1="0" ind2=" " tag="130"><subfield code="a">Rochester sentinel (Rochester, Ind. : 1902 : Weekly)</subfield></datafield><datafield ind1="1" ind2="4" tag="245"><subfield code="a">The Rochester sentinel.</subfield></datafield><datafield ind1=" " ind2=" " tag="250"><subfield code="a">Weekly ed.</subfield></datafield><datafield ind1=" " ind2=" " tag="260"><subfield code="a">Rochester, Ind. :</subfield><subfield code="b">Henry A. Barnhart</subfield></datafield><datafield ind1=" " ind2=" " tag="310"><subfield code="a">Weekly</subfield></datafield><datafield ind1="1" ind2=" " tag="362"><subfield code="a">Ceased in 1924.</subfield></datafield><datafield ind1=" " ind2=" " tag="580"><subfield code="a">Also published in a daily ed. called: Evening sentinel, 1897-1912; The Rochester sentinel, 1913-1924.</subfield></datafield><datafield ind1=" " ind2=" " tag="588"><subfield code="a">Description based on: Vol. 46, no. 1 (Jan. 3, 1902).</subfield></datafield><datafield ind1=" " ind2=" " tag="752"><subfield code="a">United States</subfield><subfield code="b">Indiana</subfield><subfield code="c">Fulton</subfield><subfield code="d">Rochester.</subfield></datafield><datafield ind1="1" ind2=" " tag="775"><subfield code="t">Rochester sentinel (Rochester, Ind. : 1913 : Daily)</subfield><subfield code="w">(DLC)sn 87055130</subfield><subfield code="w">(OCoLC)15115591</subfield></datafield><datafield ind1="1" ind2=" " tag="775"><subfield code="t">Evening sentinel (Rochester, Ind.)</subfield><subfield code="w">(DLC)sn 87055104</subfield><subfield code="w">(OCoLC)15103973</subfield></datafield><datafield ind1="0" ind2="0" tag="780"><subfield code="t">Rochester weekly sentinel</subfield><subfield code="w">(DLC)sn 87055135</subfield><subfield code="w">(OCoLC)15114053</subfield></datafield></record>